@comment{x-kbibtex-personnameformatting=<%l><, %f>}

@book{LobacherTypo3,
	author = "Lobacher, Parick",
	edition = "2",
	isbn = "978-1530001873",
	month = "Februar",
	publisher = "CreateSpace Independent Publishing Platform",
	title = "{TYPO3 Extbase: Moderne Extensionentwicklung f{\"u}r TYPO3 CMS mit Extbase \& Fluid}",
	year = "2016"
}

@misc{WikiTypo3,
	howpublished = "\url{https://de.wikipedia.org/wiki/TYPO3}",
	month = "September",
	title = "{TYPO3}",
	year = "2016"
}

@techreport{Bachelorarbeit,
	author = "Rieger, Sebastian",
	howpublished = "\url{https:github.com\ajdf24\Bachelorarbeit}",
	institution = "Karlsruher Institut f{\"u}r Technologie",
	location = "Karlsruhe",
	month = "August",
	school = "DHBW Karlsruhe",
	title = "{Konzept und prototypische Implementierung eines {\"u}bergreifenden Dokumenten- und Medienmanagements}",
	year = "2015"
}

@misc{Typo3Bild,
	howpublished = "\url{https://typo3.org/news/article/typo3-v81-tightening-the-screws/}",
	key = "Team, Typo3 CMS",
	month = "September",
	title = "{TYPO3 News}",
	year = "2016"
}

@misc{WikiFlow,
	howpublished = "\url{https://de.wikipedia.org/wiki/TYPO3\_Flow}",
	month = "September",
	title = "{TYPO3 Flow}",
	year = "2016"
}

@misc{NeosBild,
	howpublished = "\url{https://www.hdnet.de/blog/typo3-neos-das-cms-der-zukunft/}",
	key = "HDBlog",
	month = "Januar",
	title = "{HDBlog TYPO3 Neos: Das CMS der Zukunft?}",
	year = "2014"
}

@misc{Bootstrap,
	howpublished = "\url{http://getbootstrap.com/}",
	month = "September",
	title = "{Bootstrap Homepage}",
	year = "2016"
}

@misc{WikiBootstrap,
	howpublished = "\url{https://de.wikipedia.org/wiki/Bootstrap\_(Framework)}",
	key = "Wikipedia Bootstrap",
	month = "September",
	title = "{Bootstrap (Framework)}",
	year = "2016"
}

@techreport{MaterialDesign,
	howpublished = "\url{https://material.google.com/}",
	institution = "Google Inc.",
	key = "Material Design",
	month = "September",
	title = "{Material Design}",
	year = "2016"
}

@techreport{MaterialBootstrap,
	howpublished = "\url{http://fezvrasta.github.io/bootstrap-material-design/}",
	key = "Material Design for Bootstrap",
	month = "September",
	title = "{Material Design for Bootstrap}",
	year = "2016"
}

@techreport{Materialize,
	howpublished = "\url{http://materializecss.com/}",
	key = "MaterializeCSS",
	month = "September",
	title = "{Materialize}",
	year = "2016"
}

